<?xml version="1.0" encoding="UTF-8"?><collection xmlns="http://www.loc.gov/MARC21/slim"><record><leader>00605nam--2200217-u-4500</leader><controlfield tag="001">000053393</controlfield><controlfield tag="002">20161230</controlfield><controlfield tag="005">20161230201051</controlfield><controlfield tag="008">110323s1000------------r-----000-0-eng-d</controlfield><datafield ind1=" " ind2=" " tag="020"><subfield code="a">9783942303057</subfield></datafield><datafield ind1=" " ind2=" " tag="040"><subfield code="a">IFIN-HH</subfield></datafield><datafield ind1=" " ind2=" " tag="080"><subfield code="a">51</subfield></datafield><datafield ind1="1" ind2=" " tag="100"><subfield code="a">Popescu, I.I</subfield></datafield><datafield ind1="1" ind2="0" tag="245"><subfield code="a">The lambda-structure of texts</subfield><subfield code="c">Ioan-iovitz popescu; radek cech; gabriel altmann</subfield></datafield><datafield ind1=" " ind2=" " tag="260"><subfield code="a">Ludenscheid</subfield><subfield code="b">Ram-verlag</subfield><subfield code="c">2011</subfield></datafield><datafield ind1=" " ind2=" " tag="300"><subfield code="a">181P</subfield></datafield><datafield ind1=" " ind2=" " tag="490"><subfield code="a">Studies In Quantitative Linguistics</subfield><subfield code="v">Vol. 10</subfield></datafield><datafield ind1=" " ind2="4" tag="650"><subfield code="a">Lambda Structure</subfield></datafield><datafield ind1="1" ind2=" " tag="700"><subfield code="a">Altmann, Gabriel</subfield></datafield><datafield ind1=" " ind2=" " tag="852"><subfield code="a">82281</subfield><subfield code="c">51</subfield></datafield><datafield ind1=" " ind2=" " tag="CAT"><subfield code="a">Sys</subfield><subfield code="c">20150928</subfield><subfield code="h">101930</subfield></datafield></record></collection>